% Encoding: UTF-8

@article{1979Prospect,
  title={Prospect Theory: An Analysis of Decision under Risk},
  author={ Tversky, Kahneman Amos },
  journal={Econometrica},
  volume={47},
  number={2},
  pages={263-291},
  year={1979},
}

@article{2010An,
  title={An Introduction to Sociolinguistics},
  author={ Grabe, William  and  Wardhaugh, Ronald },
  journal={Language in Society},
  volume={36},
  number={2},
  pages={605-605},
  year={2010},
}

@article{1989The,
  title={The structural transformation of the public sphere: an inquiry into a cstergory of burgeois society},
  author={ Scaff, Lawrence A.  and  Habermas, Jurgen  and  Burger, Thomas  and  Nicholson, Shierry Weber },
  journal={American Political Science Review},
  volume={84},
  number={3},
  pages={967},
  year={1989},
}